<?xml version="1.0" encoding="UTF-8"?><collection xmlns="http://www.loc.gov/MARC21/slim"><record><leader>00375nam--2200133-i-4500</leader><controlfield tag="001">000036370</controlfield><controlfield tag="002">20161230</controlfield><controlfield tag="005">20161230201040</controlfield><controlfield tag="008">060222s1000------------r-----000-0-eng-d</controlfield><datafield ind1=" " ind2=" " tag="100"><subfield code="a">Pizzi, Jean-rene</subfield></datafield><datafield ind1=" " ind2=" " tag="245"><subfield code="a">Focalisation et etalonnage d`un accelerateur van de graaff a anallyseur magnetique</subfield></datafield><datafield ind1=" " ind2=" " tag="260"><subfield code="a">Lyon, Fac.Des Sciences, 1963, 82p</subfield></datafield><datafield ind1=" " ind2=" " tag="490"><subfield code="a">These</subfield></datafield><datafield ind1=" " ind2=" " tag="852"><subfield code="a">18111</subfield></datafield></record></collection>